<record><leader>00000cas a22000007a 4500</leader><controlfield tag="001">21431925</controlfield><controlfield tag="008">900426d18921892gauwr ne      0    0eng d</controlfield><datafield ind1=" " ind2=" " tag="010"><subfield code="a">sn 90052182 </subfield></datafield><datafield ind1=" " ind2=" " tag="040"><subfield code="a">NLG</subfield><subfield code="b">eng</subfield><subfield code="c">NLG</subfield><subfield code="d">GUA</subfield><subfield code="d">OCLCQ</subfield><subfield code="d">OCLCF</subfield><subfield code="d">OCLCO</subfield></datafield><datafield ind1="1" ind2=" " tag="029"><subfield code="a">AU@</subfield><subfield code="b">000025988862</subfield></datafield><datafield ind1=" " ind2=" " tag="042"><subfield code="a">msc</subfield></datafield><datafield ind1=" " ind2=" " tag="043"><subfield code="a">n-us-ga</subfield></datafield><datafield ind1="0" ind2=" " tag="130"><subfield code="a">Enterprise-record (Gibson, Ga.)</subfield></datafield><datafield ind1="1" ind2="4" tag="245"><subfield code="a">The enterprise-record.</subfield></datafield><datafield ind1=" " ind2=" " tag="260"><subfield code="a">Gibson, Ga. :</subfield><subfield code="b">K.J. Hawkins,</subfield><subfield code="c">[1892]</subfield></datafield><datafield ind1=" " ind2=" " tag="300"><subfield code="a">v.</subfield></datafield><datafield ind1=" " ind2=" " tag="310"><subfield code="a">Weekly</subfield></datafield><datafield ind1=" " ind2=" " tag="321"><subfield code="a">Began with Jan. 8,</subfield><subfield code="b">1892 issue.</subfield></datafield><datafield ind1="1" ind2=" " tag="362"><subfield code="a">Ceased in 1892.</subfield></datafield><datafield ind1=" " ind2=" " tag="530"><subfield code="a">Also on microfilm: Athens, Ga. : University of Georgia Libraries.</subfield></datafield><datafield ind1=" " ind2=" " tag="588"><subfield code="a">Description based on: Vol. 1, no. 2 (Jan. 15, 1892).</subfield></datafield><datafield ind1=" " ind2="0" tag="651"><subfield code="a">Gibson (Ga.)</subfield><subfield code="v">Newspapers.</subfield></datafield><datafield ind1=" " ind2="0" tag="651"><subfield code="a">Glascock County (Ga.)</subfield><subfield code="v">Newspapers.</subfield></datafield><datafield ind1=" " ind2="7" tag="655"><subfield code="a">Newspapers.</subfield><subfield code="2">fast</subfield><subfield code="0">(OCoLC)fst01423814</subfield></datafield><datafield ind1=" " ind2="7" tag="651"><subfield code="a">Georgia</subfield><subfield code="z">Gibson.</subfield><subfield code="2">fast</subfield><subfield code="0">(OCoLC)fst01261877</subfield></datafield><datafield ind1=" " ind2="7" tag="651"><subfield code="a">Georgia</subfield><subfield code="z">Glascock County.</subfield><subfield code="2">fast</subfield><subfield code="0">(OCoLC)fst01215253</subfield></datafield><datafield ind1=" " ind2=" " tag="752"><subfield code="a">United States</subfield><subfield code="b">Georgia</subfield><subfield code="c">Glascock</subfield><subfield code="d">Gibson.</subfield></datafield><datafield ind1="0" ind2="0" tag="785"><subfield code="t">Gibson record</subfield><subfield code="w">(DLC)sn 90052183</subfield><subfield code="w">(OCoLC)21432276</subfield></datafield></record>